@book{Aho:72,
    author  = {Alfred V. Aho and Jeffrey D. Ullman},
    title   = {The Theory of Parsing, Translation and Compiling},
    year    = "1972",
    volume  = "1",
    publisher = {Prentice-Hall},
    address = {Englewood Cliffs, NJ}
}

@article{turbek2016scientific,
  title={Scientific Writing Made Easy: A Step-by-Step Guide to Undergraduate Writing in the Biological Sciences},
  author={Turbek, Sheela P and Chock, Taylor M and Donahue, Kyle and Havrilla, Caroline A and Oliverio, Angela M and Polutchko, Stephanie K and Shoemaker, Lauren G and Vimercati, Lara},
  journal={The Bulletin of the Ecological Society of America},
  volume={97},
  number={4},
  pages={417--426},
  year={2016},
  publisher={Wiley Online Library}
}

@inproceedings{wang2014studentlife,
  title={StudentLife: assessing mental health, academic performance and behavioral trends of college students using smartphones},
  author={Wang, Rui and Chen, Fanglin and Chen, Zhenyu and Li, Tianxing and Harari, Gabriella and Tignor, Stefanie and Zhou, Xia and Ben-Zeev, Dror and Campbell, Andrew T},
  booktitle={Proceedings of the 2014 ACM international joint conference on pervasive and ubiquitous computing},
  pages={3--14},
  year={2014},
  organization={ACM}
}

@inproceedings{derczynski2017results,
  title={Results of the WNUT2017 shared task on novel and emerging entity recognition},
  author={Derczynski, Leon and Nichols, Eric and van Erp, Marieke and Limsopatham, Nut},
  booktitle={Proceedings of the 3rd Workshop on Noisy User-generated Text},
  pages={140--147},
  year={2017}
}

@inproceedings{rosenthal2017semeval,
  title={SemEval-2017 task 4: Sentiment analysis in Twitter},
  author={Rosenthal, Sara and Farra, Noura and Nakov, Preslav},
  booktitle={Proceedings of the 11th International Workshop on Semantic Evaluation (SemEval-2017)},
  pages={502--518},
  year={2017}
}

@inproceedings{miller2017semeval,
  title={SemEval-2017 Task 7: Detection and interpretation of English puns},
  author={Miller, Tristan and Hempelmann, Christian and Gurevych, Iryna},
  booktitle={Proceedings of the 11th International Workshop on Semantic Evaluation (SemEval-2017)},
  pages={58--68},
  year={2017}
}

@article{augenstein2017semeval,
  title={Semeval 2017 task 10: Scienceie-extracting keyphrases and relations from scientific publications},
  author={Augenstein, Isabelle and Das, Mrinal and Riedel, Sebastian and Vikraman, Lakshmi and McCallum, Andrew},
  journal={arXiv preprint arXiv:1704.02853},
  year={2017}
}

@article{bowman2015large,
  title={A large annotated corpus for learning natural language inference},
  author={Bowman, Samuel R and Angeli, Gabor and Potts, Christopher and Manning, Christopher D},
  journal={arXiv preprint arXiv:1508.05326},
  year={2015}
}

@article{rajpurkar2016squad,
  title={Squad: 100,000+ questions for machine comprehension of text},
  author={Rajpurkar, Pranav and Zhang, Jian and Lopyrev, Konstantin and Liang, Percy},
  journal={arXiv preprint arXiv:1606.05250},
  year={2016}
}

@book{APA:83,
    author  = {{American Psychological Association}},
    title   = {Publications Manual},
    year    = "1983",
   publisher = {American Psychological Association},
   address = {Washington, DC}
}

@article{ACM:83,
	author = {Association for Computing Machinery},
	year = "1983",
	journal = {Computing Reviews},
	volume = "24",
	number = "11",
	pages = "503--512"
}

@article{Chandra:81,
	author = {Ashok K. Chandra and Dexter C. Kozen and Larry J. Stockmeyer},
	year = "1981",
	title = {Alternation},
	journal = {Journal of the Association for Computing Machinery},
	volume = "28",
	number = "1",
	pages = "114--133",
	doi = "10.1145/322234.322243",
}

@book{Gusfield:97,
    author  = {Dan Gusfield},
    title   = {Algorithms on Strings, Trees and Sequences},
    year    = "1997",
    publisher = {Cambridge University Press},
    address = {Cambridge, UK}
}

@InProceedings{P16-1001,
  author =	"Goodman, James
  	 and Vlachos, Andreas
	     and Naradowsky, Jason",
  title =    "Noise reduction and targeted exploration in imitation learning for      Abstract Meaning Representation parsing    ",
  booktitle = 	    "Proceedings of the 54th Annual Meeting of the Association for      Computational Linguistics (Volume 1: Long Papers)    ",
  year =    "2016",
  publisher =	"Association for Computational Linguistics",
  pages =   "1--11",
  location =	"Berlin, Germany",
  doi =    "10.18653/v1/P16-1001",
  url =    "http://aclweb.org/anthology/P16-1001"
}

@InProceedings{C14-1001,
  author =	"Harper, Mary",
  title = 	"Learning from 26 Languages: Program Management and Science in the Babel Program",
  booktitle = 	"Proceedings of COLING 2014, the 25th International Conference on Computational Linguistics: Technical Papers",
  year =    "2014",
  publisher =	"Dublin City University and Association for Computational Linguistics",
  pages =   "1",
  location =	"Dublin, Ireland",
  url =    "http://aclweb.org/anthology/C14-1001"
}


@article{cals2013effective,
  title={Effective writing and publishing scientific papers, part VI: discussion},
  author={Cals, Jochen WL and Kotz, Daniel},
  journal={Journal of clinical epidemiology},
  volume={66},
  number={10},
  pages={1064},
  year={2013},
  publisher={Elsevier Science Ltd.}
}