@online{SVMFinance,
	author = {Kim, Kyoung-jae},
	year = {2003},
	title = {Financial Time Series Forecasting Using Support Vector Machines},
	url = {www.sciencedirect.com/science/article/
	pii/S0925231203003722\#SEC3}
}

@online{LongTail,
	author = {McNeil, Alexander},
	year = {2000},
	title = {Estimation of Tail-Related Risk Measures for Heteroscedastic Financial Time Series: an Extreme Value Approach.},
	url = {www.sciencedirect.com/science/article/pii/
	S0927539800000128}
}

@online{Fbook,
	author = {Facebook Research},
	year = {2017},
	title = {Prophet: Forecasting at Scale.},
	url = {research.fb.com/prophet-forecasting-at-scale/}
}


